<?xml version="1.0" encoding="UTF-8"?><collection xmlns="http://www.loc.gov/MARC21/slim"><record><leader>00319nam--2200121-i-4500</leader><controlfield tag="001">000018349</controlfield><controlfield tag="002">20161230</controlfield><controlfield tag="005">20161230201032</controlfield><controlfield tag="008">060222s1000------------r-----000-0-eng-d</controlfield><datafield ind1=" " ind2=" " tag="080"><subfield code="a">14947</subfield></datafield><datafield ind1=" " ind2=" " tag="100"><subfield code="a">Farrow, H.E</subfield></datafield><datafield ind1=" " ind2=" " tag="245"><subfield code="a">Long-wave and medium-wave propagation</subfield></datafield><datafield ind1=" " ind2=" " tag="260"><subfield code="a">London, Iliffe &amp; Sons Ltd., 1958. 39 P. Cu 24 Fig</subfield></datafield></record></collection>